%% Quantum Information
@misc{nielsen2002quantum,
  title={Quantum computation and quantum information},
  author={Nielsen, Michael A and Chuang, Isaac},
  year={2002},
  publisher={American Association of Physics Teachers}
}


%% QED Review
@article{blais2021circuit,
  title={Circuit quantum electrodynamics},
  author={Blais, Alexandre and Grimsmo, Arne L and Girvin, SM and Wallraff, Andreas},
  journal={Reviews of Modern Physics},
  volume={93},
  number={2},
  pages={025005},
  year={2021},
  publisher={APS}
}


%% Josephson Effect
@book{tafuri2019fundamentals,
  title={Fundamentals and frontiers of the Josephson effect},
  author={Tafuri, Francesco},
  volume={286},
  year={2019},
  publisher={Springer Nature}
}


%% Quantum Engineering
@book{zagoskin2011quantum,
  title={Quantum engineering: theory and design of quantum coherent structures},
  author={Zagoskin, Alexandre M},
  year={2011},
  publisher={Cambridge University Press}
}

